@inproceedings{serban2013agentslang,
  title={AgentSlang: A fast and reliable platform for Distributed Interactive Systems},
  author={Șerban, Ovidiu and Pauchet, Alexandre},
  booktitle={Intelligent Computer Communication and Processing (ICCP), 2013 IEEE International Conference on},
  pages={35--42},
  year={2013},
  organization={IEEE},
  abstract={This paper proposes a generic platform for developing fast and reliable Distributed Interactive Systems. The modelling is based on a component design approach, with element structure simple and versatile enough to allow the integration of existing algorithm. Moreover, we propose Syn!bad as a unified knowledge extraction language, focused around the usage of synonyms, useful for dialogue management. The AgentSlang platform consists in a series of original components integrated with several existing algorithms, to provide a development environment for Interactive Systems. There are several original parts in our approach. First, the platform is based on a data and component oriented design, which integrates into a unified system the concept of Feedback Management, Dialogue Management and a flexible component architecture. Second, the Syn!bad language, is integrated as a component of AgentSlang. Third, the message exchange speed is superior of any existing platforms, even in the context of providing extra features, such as action execution feedback and data type consistency check.},
  url={http://ieeexplore.ieee.org/iel7/6636285/6646058/06646077.pdf?arnumber=6646077}
}

@phdthesis{serban2013phd,
  title={Detection and Integration of Affective Feedback into Distributed Interactive Systems},
  author={Șerban, Ovidiu},
  school={INSA de Rouen (France) and "Babeș-Bolyai" University (Romania)},
  year={2013},
  abstract={Human-Computer Interaction migrates from the classic perspective to a more natural environment, where humans are able to use natural language to exchange knowledge with a computer. In order to fully "understand" the human's intentions, the computer should be able to detect emotions and reply accordingly. This thesis focuses on several issues regarding the human affects, from various detection techniques to their integration into a Distributed Interactive System.

Emotions are a fuzzy concept and their perception across human individuals may vary as well. Therefore, this makes the detection problem very difficult for a computer. From the affect detection perspective, we proposed three different approaches: an emotion detection method based on Self Organizing Maps, a valence classifier based on multi-modal features and Support Vector Machines, and a technique to resolve conflicts into a well known affective dictionary (SentiWordNet). Moreover, from the system integration perspective, two issues are approached: a Wizard of Oz experiment in a children storytelling environment and an architecture for a Distributed Interactive System.},
  url={http://ovidiu.roboslang.org/upload/articles/OvidiuSerban-PhDThesis.pdf}
}

@techreport{boisseleau2013report,
  title={Intégration de Composants à un Agent Conversationnel Animé},
  author={Boisseleau, William},
  institution={INSA de Rouen (France)},
  year={2013},
  abstract={Notre société est aujourd'hui de plus en plus dépendante des machines physiques et immatérielles dans de nombreux domaines, tels que l'industrie, la recherche, et même les services. Par extension, l'évolution technologique et humaine est étroitement liée aux algorithmes faisant tourner ces-dites machines, et leur étude approfondie depuis seulement une cinquantaine d'années a permis de grandes avancées. Il ne s'agit pas d'améliorer seulement les composants internes, propres à ces algorithmes, mais également d'implémenter une interaction homme/machine la plus optimale, afin d'en parfaire les résultats. Ainsi, c'est sous le thème des interactions que le stage de spécialité ici rapporté s'est déroulé.},
  url={http://ovidiu.roboslang.org/upload/articles/WilliamBoisseleau-TechnicalReport.pdf}
}

@article{alesmethodology,
  title={A Methodology to Design Human-Like Embodied Conversational Agents based on Dialogue Analysis},
  author={Ales, Zacharie and Duplessis, G Dubuisson and Șerban, Ovidiu and Pauchet, Alexandre},
  booktitle={First International Workshop on Human-Agent Interaction Design and Models (HAIDM)},
  pages={34--50},
  year={2012},
  organization={AAMAS},
  abstract={This paper presents a bottom-up methodology to study human-human and human-agent dialogues in order to improve the design of embodied conversational agents (ECAs). The methodology uses a matrix representation of dialogues, constructed by means of a (semi-)automatic annotation process. A multidimensional dialogue pattern extraction and a clustering algorithm are applied to the coding matrices. The extracted patterns model the human behaviours.},
  url={http://asi.insa-rouen.fr/enseignants/~apauchet/Files/Publications/HAIDM'12.pdf}
}
